<?xml version="1.0" encoding="UTF-8"?><collection xmlns="http://www.loc.gov/MARC21/slim"><record><leader>00344nam--2200121-i-4500</leader><controlfield tag="001">000024870</controlfield><controlfield tag="002">20161230</controlfield><controlfield tag="005">20161230201035</controlfield><controlfield tag="008">060222s1000------------r-----000-0-eng-d</controlfield><datafield ind1=" " ind2=" " tag="100"><subfield code="a">Domsch, Gunter H</subfield></datafield><datafield ind1=" " ind2=" " tag="245"><subfield code="a">Die abschirmung magnetischer felder in der nachrichtentechnik</subfield></datafield><datafield ind1=" " ind2=" " tag="260"><subfield code="a">Berlin, Veb Verlag Technik, 1955. 77 P.+65 Fig</subfield></datafield><datafield ind1=" " ind2=" " tag="852"><subfield code="a">6801</subfield></datafield></record></collection>